<?xml version="1.0" encoding="UTF-8"?><collection xmlns="http://www.loc.gov/MARC21/slim"><record><leader>00473nam--2200169-i-4500</leader><controlfield tag="001">000036885</controlfield><controlfield tag="002">20161230</controlfield><controlfield tag="005">20170222171629</controlfield><controlfield tag="008">060222s1000------------r-----000-0-eng-d</controlfield><datafield ind1=" " ind2=" " tag="080"><subfield code="a">663.63:628.515</subfield></datafield><datafield ind1=" " ind2=" " tag="100"><subfield code="a">Popescu, Vasile</subfield></datafield><datafield ind1=" " ind2=" " tag="245"><subfield code="a">Progrese in epurarea, reutilizarea apelor si recuperarea rezidurilor din ape</subfield></datafield><datafield ind1=" " ind2=" " tag="260"><subfield code="a">Bucuresti</subfield><subfield code="b">Inid</subfield><subfield code="c">1977</subfield></datafield><datafield ind1=" " ind2=" " tag="300"><subfield code="a">75 p</subfield></datafield><datafield ind1=" " ind2=" " tag="490"><subfield code="a">Progrese In Stiinta Sitehnologie</subfield></datafield><datafield ind1=" " ind2=" " tag="852"><subfield code="a">44335</subfield></datafield><datafield ind1=" " ind2=" " tag="CAT"><subfield code="a">SYS</subfield><subfield code="c">20170222</subfield><subfield code="h">171629</subfield></datafield></record></collection>